@Misc{PNAT,
    author = {Infocentro},
    title = {Plan Nacional de Alfabetización Tecnologica},
    month = {Octubre},
    year = {2009},
}
@online{planSC,
    author = {USB},
    title = {Plan de Servicio Comunitario},
    year = 2012,
    url = {https://www.cctds.dex.usb.ve/SC/vVerProyecto.php?id=261},
    urldate = {2015-03-25}
}
@online{infocentro,
    author = {Oficina de Comunicación Estratégica FI},
    title = {Plan Nacional de Alfabetización Tecnológica alcanzará las 500 mil personas capacitadas},
    year = 2009,
    url = {http://www.aporrea.org/actualidad/n131546.html},
    urldate = {2015-03-15}
}
@online{laminasImportancia,
    author = {Mayerlin Narváez},
    title = {Importancia de la alfabetización tecnológica en venezuela.},
    year = 2011,
    url = {http://es.slideshare.net/MayerlinNarvaez/importancia-de-la-alfabetizacin-tecnolgica-en-venezuela-10144978},
    urldate = {2015-02-10}    
}
@suppcollection{writer,
    author = {Infocentro},
    title = {Plan Nacional de Alfabetización Tecnológica},
    booktitle = {Desarrollando nuestras ndeas en un procesador de palabras},
    date = {Abril 2009}
}
@suppcollection{impress,
    author = {Infocentro},
    title = {Plan Nacional de Alfabetización Tecnológica},
    booktitle = {Comunicando a través de presentaciones creativas con Impress},
    date = {Abril 2009}
}
@suppcollection{calc,
author = {Infocentro},
title = {Plan Nacional de Alfabetización Tecnológica},
booktitle = {Calculando y graficando datos con la hoja de cálculo},
date = {Abril 2009}
}
@suppcollection{inter,
    author = {Infocentro},
    title = {Plan Nacional de Alfabetización Tecnológica},
    booktitle = {Socializando a través de internet},
    date = {Abril 2009}
}